@misc{jpeg1,
    title={マルチメディア工学Ⅰ第六回授業スライド},
    author={Takahiko Horiuchi},
    year={2020},
    eprint={1804.00168},
    archivePrefix={arXiv},
    primaryClass={cs.AI}
}
@misc{jpeg2,
    title={JPEG画像形式の概要（圧縮アルゴリズム）},
    author={siragiku},
    year={2004},
    note={https://www.marguerite.jp/Nihongo/Labo/Image/JPEG.html},
    eprint={1804.00168},
    archivePrefix={arXiv},
    primaryClass={cs.AI}
}
@misc{png1,
    title={PNG軽量化の減色と圧縮について},
    author={imiya},
    year={2012},
    note={https://labs.gree.jp/blog/2012/11/5373/},
    eprint={1804.00168},
    archivePrefix={arXiv},
    primaryClass={cs.AI}
}